<record><leader>00000cas a22000007a 4500</leader><controlfield tag="001">13449510</controlfield><controlfield tag="008">860417d1885191uinuwr ne      0    0eng d</controlfield><datafield ind1=" " ind2=" " tag="010"><subfield code="a">sn 86058453 </subfield></datafield><datafield ind1=" " ind2=" " tag="040"><subfield code="a">NPI</subfield><subfield code="b">eng</subfield><subfield code="c">NPI</subfield><subfield code="d">OCLCQ</subfield></datafield><datafield ind1=" " ind2=" " tag="042"><subfield code="a">msc</subfield></datafield><datafield ind1="0" ind2="4" tag="245"><subfield code="a">The Bedford Democrat.</subfield></datafield><datafield ind1=" " ind2=" " tag="260"><subfield code="a">Bedford, Ind. :</subfield><subfield code="b">John Johnson, Jr.</subfield></datafield><datafield ind1=" " ind2=" " tag="300"><subfield code="a">v. :</subfield><subfield code="b">ill. (chiefly advertisements) ;</subfield><subfield code="c">50-56 cm.</subfield></datafield><datafield ind1=" " ind2=" " tag="310"><subfield code="a">Weekly</subfield></datafield><datafield ind1="1" ind2=" " tag="362"><subfield code="a">Began in 1885.</subfield><subfield code="z">Cf. Miller, John W. Indiana newspaper bibliog.</subfield></datafield><datafield ind1="1" ind2=" " tag="362"><subfield code="a">Ceased in 1916 or 1917.</subfield><subfield code="z">Cf. Ayer, N.W. &amp; Sons American newspaper annual and directory.</subfield></datafield><datafield ind1=" " ind2=" " tag="580"><subfield code="a">Published also in a daily edition called: 1892-189u, Bedford daily Democrat (Bedford, Ind. : 1892); 189u-1898, Evening Democrat (Bedford, Ind.); 1898-1uuu, Daily Democrat (Bedford, Ind.); 1uuu-1925, Bedford daily Democrat (Bedford, Ind. : 1908).</subfield></datafield><datafield ind1=" " ind2=" " tag="580"><subfield code="a">In 1919 a new weekly version of the "Democrat" was published which was called: Advertiser (Bedford, Ind.) Cf. Ayer N.W. &amp; Sons American newspaper annual and directory.</subfield></datafield><datafield ind1=" " ind2=" " tag="588"><subfield code="a">Description based on: Vol. 14, no. 42 (Nov. 14, 1885).</subfield></datafield><datafield ind1=" " ind2=" " tag="752"><subfield code="a">United States</subfield><subfield code="b">Indiana</subfield><subfield code="c">Lawrence</subfield><subfield code="d">Bedford.</subfield></datafield><datafield ind1="1" ind2=" " tag="775"><subfield code="t">Bedford daily Democrat (Bedford, Ind. : 1892)</subfield><subfield code="w">(DLC)sn 86058484</subfield></datafield><datafield ind1="1" ind2=" " tag="775"><subfield code="t">Evening Democrat (Bedford, Ind.)</subfield><subfield code="w">(DLC)sn 86058454</subfield></datafield><datafield ind1="1" ind2=" " tag="775"><subfield code="t">Daily Democrat (Bedford, Ind.)</subfield><subfield code="w">(DLC)sn 86058483</subfield></datafield><datafield ind1="1" ind2=" " tag="775"><subfield code="t">Bedford daily Democrat (Bedford, Ind. : 1908)</subfield><subfield code="w">(DLC)sn 86058455</subfield></datafield><datafield ind1="0" ind2="4" tag="780"><subfield code="t">Bedford banner (Bedford, Ind. : 1877)</subfield><subfield code="w">(DLC)sn 86058450</subfield></datafield><datafield ind1="0" ind2="4" tag="780"><subfield code="t">Bedford star (Bedford, Ind.)</subfield><subfield code="w">(DLC)sn 86058452</subfield></datafield><datafield ind1="1" ind2=" " tag="787"><subfield code="t">Advertiser (Bedford, Ind.)</subfield></datafield><datafield ind1="1" ind2=" " tag="029"><subfield code="a">AU@</subfield><subfield code="b">000025802749</subfield></datafield></record>